@misc{IoTWired,
 author    = {Wasik, B.},
 title     = {In the Programmable World, All Our Objects Will Act as One},
 journal   = {Wired},
 Howpublished  = {\url{http://www.wired.com/2013/05/internet-of-things-2/}},
 year      = 2013,
 language  = english
}
@misc{NestThermostat,
 title         = {Nest world's first learning thermostat},
 Howpublished  = {\url{https://nest.com/}},
 language      = english
}

@Article{SystemPrinciple,
  title  = {Системологический подход к декомпозиции в объектно-ориентированном анализе и проектировании программного обеспечения},
  author = {Слюсаренко, И. Слюсаренко, М.},
  year   = 2010,
  language = russian
}

@Book{MongoDBBook,
 author    = {Seguin, K.},
 title     = {The Little MongoDB Book},
 year      = 2012,
 language  = english
}

@Book{LittleCoffeeScript,
  author   = {MacCaw, A.},
  title    = {The Little Book on CoffeeScript},
  publisher = {O'Reilly Media},
  year = 2012,
  language = english
}

@misc{CoffeeScriptCookbook,
  author = {Brady, D. and others},
  title  = {CoffeeScript Cookbook},
  year   = 2014,
  Howpublished  = {\\ \url{http://coffeescriptcookbook.com/}},
  language = english
}


@misc{UnderstandingEvenLoop,
  author = {Hall, A.},
  title  = {Understanding the Node.js Event Loop},
  year   = 2013,
  Howpublished  = {\\ \url{http://strongloop.com/strongblog/node-js-event-loop/}},
  language = english
}

@misc{BoostProactor,
  author = {Kohlhoff, C.},
  title  = {The Proactor Design Pattern: Concurrency Without Threads},
  year   = 2011,
  Howpublished  = {\\ \url{http://www.boost.org/doc/libs/1_47_0/doc/html/boost_asio/overview/core/async.html}},
  language = english
}

@misc{NPMGrowth,
  author = {Robbins, C.},
  title  = {NPM: innovation through modularity},
  year   = 2013,
  Howpublished  = {\\ \url{http://blog.nodejitsu.com/npm-innovation-through-modularity/}},
  language = english
}

@misc{Keepalive,
  title  = {{TCP} keepalive overview},
  Howpublished  = {\\ \url{http://tldp.org/HOWTO/TCP-Keepalive-HOWTO/overview.html}},
  language = english
}

@misc{SocketIO,
  title  = {Socket.IO real-time bidirectional event-based communication.},
  Howpublished  = {\\ \url{http://socket.io/}},
  language = english
}

@misc{ChaplinJS,
  title  = {Chaplin {HTML5} application architecture},
  Howpublished  = {\\ \url{http://chaplinjs.org/}},
  language = english
}

@misc{ScalingIsomorphic,
  title  = {Scaling Isomorphic Javascript Code},
  Howpublished  = {\\ \url{http://blog.nodejitsu.com/scaling-isomorphic-javascript-code/}},
  author = {Robbins, C.},
  language = english
}

@misc{NodeJSAddons,
  title  = {Node.js Documentation Addons},
  Howpublished  = {\\ \url{http://nodejs.org/api/addons.html}},
  language = english
}

@misc{CUPSAPI,
  title  = {Introduction to {CUPS} Programming},
  Howpublished  = {\\ \url{http://www.cups.org/documentation.php/api-overview.html}},
  language = english
}

@misc{Cupsidity,
  title  = {Cupsidity --- {CUPS} (Common Unix Printing System) native bindings for {Node.js}},
  Howpublished  = {\\ \url{https://github.com/molefrog/cupsidity}},
  language = english
}


@misc{QLibrary,
  title  = {{Q} --- A tool for making and composing asynchronous promises in {JavaScript} },
  Howpublished  = {\\ \url{https://github.com/kriskowal/q}},
  language = english
}

@misc{Mongoose,
  title  = { {Mongoose} --- elegant {MongoDB} object modeling for node.js},
  Howpublished  = {\\ \url{http://mongoosejs.com/}},
  language = english
}

@misc{ExpressJS,
  title  = { {Express} --- web application framework for {Node.js} },
  Howpublished  = {\\ \url{http://expressjs.com/}},
  language = english
}
@misc{PassportJS,
  title  = { {Passport} --- Simple, unobtrusive authentication for {Node.js} },
  Howpublished  = {\\ \url{http://passportjs.org/}},
  language = english
}

@misc{Brunch,
  title  = { {Brunch} --- is an ultra-fast {HTML5} build tool },
  Howpublished  = {\\ \url{http://brunch.io/}},
  language = english
}


@misc{JadeLang,
  title  = { {Jade} --- node.js template engine },
  Howpublished  = {\\ \url{http://jade-lang.com/}},
  language = english
}

@misc{Stylus,
  title  = { {Stylus} --- expressive, dynamic, robust CSS },
  Howpublished  = {\\ \url{http://learnboost.github.io/stylus/}},
  language = english
}

@misc{CommonJS,
  title  = { {CommonJS} notes },
  Howpublished  = {\\ \url{http://requirejs.org/docs/commonjs.html}},
  language = english
}

@misc{Masonry,
  title  = { {Masonry} --- cascading grid layout library },
  Howpublished  = {\\ \url{http://masonry.desandro.com/}},
  language = english
}

@misc{MediatorPattern,
  title  = {Patterns For Large-Scale JavaScript Application Architecture},
  author = {Osmani, A.},
  Howpublished = {\\ \url{http://addyosmani.com/largescalejavascript/}},
  year   = 2011,
  language = russian
}

@misc{RabbitMQ,
  title  = { {RabbitMQ} tutorial },
  Howpublished  = {\\ \url{http://www.rabbitmq.com/tutorials/tutorial-one-python.html}},
  language = english
}


@Book{DistributiveSystems,
  author   = {Таненбаум, Э. Стеен, М.},
  title    = {Распределенные системы. Принципы и парадигмы},
  publisher = {Питер},
  year = 2003,
  language = russian
}


@misc{Kue,
  title  = { {Kue} --- feature rich priority job queue for {Node.js} backed by {Redis} },
  Howpublished  = {\\ \url{http://learnboost.github.io/kue/}},
  language = english
}



@misc{Async,
  title  = { Async utilities for {Node.js} and the browser },
  Howpublished  = {\\ \url{https://github.com/caolan/async}},
  language = english
}

